<record><leader>00000cas a2200000 a 4500</leader><controlfield tag="001">29971439</controlfield><controlfield tag="008">940315d19911993azuwr ne      0   a0eng c</controlfield><datafield ind1=" " ind2=" " tag="010"><subfield code="a">sn 95003352 </subfield></datafield><datafield ind1=" " ind2=" " tag="040"><subfield code="a">PMD</subfield><subfield code="b">eng</subfield><subfield code="c">PMD</subfield><subfield code="d">WIH</subfield><subfield code="d">NSD</subfield><subfield code="d">ANN</subfield><subfield code="d">OCLCQ</subfield><subfield code="d">ZP2</subfield><subfield code="d">OCLCQ</subfield><subfield code="d">OCLCF</subfield></datafield><datafield ind1=" " ind2=" " tag="012"><subfield code="m">1</subfield></datafield><datafield ind1="1" ind2=" " tag="022"><subfield code="a">1080-3777</subfield><subfield code="l">1080-3777</subfield><subfield code="2">1</subfield></datafield><datafield ind1="1" ind2=" " tag="029"><subfield code="a">AU@</subfield><subfield code="b">000025885795</subfield></datafield><datafield ind1=" " ind2=" " tag="032"><subfield code="a">001149</subfield><subfield code="b">USPS</subfield></datafield><datafield ind1=" " ind2=" " tag="042"><subfield code="a">nsdp</subfield><subfield code="a">pcc</subfield></datafield><datafield ind1=" " ind2=" " tag="043"><subfield code="a">n-us-az</subfield></datafield><datafield ind1="0" ind2=" " tag="130"><subfield code="a">San Carlos Apache moccasin (Globe, Ariz. : 1991)</subfield></datafield><datafield ind1=" " ind2="0" tag="222"><subfield code="a">San Carlos Apache moccasin</subfield></datafield><datafield ind1="0" ind2="0" tag="245"><subfield code="a">San Carlos Apache moccasin.</subfield></datafield><datafield ind1="1" ind2="7" tag="246"><subfield code="a">Moccasin</subfield></datafield><datafield ind1=" " ind2=" " tag="260"><subfield code="a">Globe, Ariz. :</subfield><subfield code="b">American Globe Pub. Co.,</subfield><subfield code="c">1991-1993.</subfield></datafield><datafield ind1=" " ind2=" " tag="300"><subfield code="a">v. :</subfield><subfield code="b">ill. ;</subfield><subfield code="c">58 cm.</subfield></datafield><datafield ind1=" " ind2=" " tag="310"><subfield code="a">Weekly</subfield></datafield><datafield ind1="0" ind2=" " tag="362"><subfield code="a">Vol. 7, no. 56 (Oct. 1, 1991)-v. 9, no. 11 (Nov. 23, 1993).</subfield></datafield><datafield ind1=" " ind2=" " tag="530"><subfield code="a">Available on microfilm from the State Historical Society of Wisconsin.</subfield></datafield><datafield ind1=" " ind2=" " tag="500"><subfield code="a">Masthead for issues Oct. 22, 1991-Nov. 23, 1993 reads: San Carlos Apache moccasin (Ka'bun) or (Keban).</subfield></datafield><datafield ind1=" " ind2="0" tag="650"><subfield code="a">Apache Indians</subfield><subfield code="v">Newspapers.</subfield></datafield><datafield ind1=" " ind2="0" tag="651"><subfield code="a">San Carlos (Ariz.)</subfield><subfield code="v">Newspapers.</subfield></datafield><datafield ind1=" " ind2="0" tag="651"><subfield code="a">Globe (Ariz.)</subfield><subfield code="v">Newspapers.</subfield></datafield><datafield ind1=" " ind2="0" tag="651"><subfield code="a">San Carlos Indian Reservation (Ariz.)</subfield><subfield code="v">Newspapers.</subfield></datafield><datafield ind1=" " ind2="7" tag="655"><subfield code="a">Newspapers.</subfield><subfield code="2">fast</subfield><subfield code="0">(OCoLC)fst01423814</subfield></datafield><datafield ind1=" " ind2="7" tag="650"><subfield code="a">Apache Indians.</subfield><subfield code="2">fast</subfield><subfield code="0">(OCoLC)fst00811055</subfield></datafield><datafield ind1=" " ind2="7" tag="651"><subfield code="a">Arizona</subfield><subfield code="z">Globe.</subfield><subfield code="2">fast</subfield><subfield code="0">(OCoLC)fst01216942</subfield></datafield><datafield ind1=" " ind2="7" tag="651"><subfield code="a">Arizona</subfield><subfield code="z">San Carlos.</subfield><subfield code="2">fast</subfield><subfield code="0">(OCoLC)fst01297922</subfield></datafield><datafield ind1=" " ind2="7" tag="651"><subfield code="a">Arizona</subfield><subfield code="z">San Carlos Indian Reservation.</subfield><subfield code="2">fast</subfield><subfield code="0">(OCoLC)fst01256458</subfield></datafield><datafield ind1="2" ind2=" " tag="710"><subfield code="a">San Carlos Indian Tribe.</subfield></datafield><datafield ind1="0" ind2="0" tag="780"><subfield code="t">San Carlos Apache Tribe moccasin</subfield><subfield code="w">(DLC)sn 95060549</subfield></datafield><datafield ind1="0" ind2="0" tag="785"><subfield code="t">San Carlos moccasin (keban)</subfield><subfield code="w">(DLC)sn 95060550</subfield></datafield><datafield ind1=" " ind2=" " tag="936"><subfield code="a">Vol. 10, no. 15 (Dec. 13, 1994) LIC</subfield></datafield></record>